@Misc{dickson:blossom,
  author =    {G. Dickson},
  title =     {Blossom Algorithm},
  note =      {Disponível em: \url{https://www.eecs.tufts.edu/~gdicks02/Blossom/Blossom_Algorithm.html}},
  year =      {n.d.}
}

@Misc{networkx:docs,
  author =    {NetworkX Developers},
  title =     {NetworkX Documentation},
  note =      {Disponível em: \url{https://networkx.github.io/documentation/latest/index.html}},
  year =      {n.d.}
}

@Misc{igraph:docs,
  author =    {iGraph Developers},
  title =     {iGraph},
  note =      {Disponível em: \url{https://igraph.org}},
  year =      {n.d.}
}

@Misc{arbex:escrita,
  author =    {M. Arbex},
  title =     {Escrita Científica},
  note =      {Disponível em: \url{https://homepages.dcc.ufmg.br/~mirella/doku.php?id=escrita}},
  year =      {n.d.}
}

@Misc{tsplib:docs,
  author =    {TSPLIB Developers},
  title =     {TSPLIB},
  note =      {Disponível em: \url{http://comopt.ifi.uni-heidelberg.de/software/TSPLIB95/}},
  year =      {n.d.}
}